3525 5309
518 1121 596 1187 In
633 1123 826 1187 rebus
866 1122 1127 1208 linguae
1158 1121 1440 1188 Graecae
1470 1122 1995 1208 orthographicis
2026 1122 2178 1208 quid
2207 1125 2644 1207 praestantius
2681 1124 2947 1190 uniceve

336 1241 560 1285 verum
617 1223 788 1287 esset
842 1243 1047 1306 usque
1105 1220 1184 1285 ad
1242 1220 1505 1287 initium
1559 1221 1752 1287 huius
1810 1219 2049 1287 saeculi
2104 1225 2217 1285 aut
2269 1222 2462 1305 plane
2521 1222 2948 1305 ignorabatur

338 1321 452 1382 aut
499 1318 657 1383 solis
704 1340 738 1383 e
774 1316 1283 1404 Byzantinorum
1332 1318 1661 1384 codicibus
1707 1320 1811 1384 vel
1856 1319 2428 1404 grammaticorum
2476 1326 2766 1386 veterum
2815 1322 2946 1386 suf-

333 1416 562 1502 fragiis
629 1416 1114 1483 diiudicabatur.
1215 1416 1464 1482 Deinde
1529 1420 1602 1482 ut
1662 1420 1914 1482 taceam
1979 1416 2057 1481 de
2123 1416 2215 1481 eis
2225 1467 2243 1502 ,
2319 1439 2483 1502 quae
2548 1440 2626 1483 ex
2690 1419 2944 1485 ratione

336 1514 610 1579 metrica
653 1514 976 1600 imprimis
1028 1515 1227 1601 Angli
1275 1518 1607 1600 eruerunt,
1660 1515 2002 1580 titulorum
2051 1515 2237 1599 copia
2284 1537 2449 1600 quae
2495 1517 2627 1580 iam
2681 1517 2751 1580 in
2808 1517 2945 1581 dies

338 1612 616 1696 amplior
662 1614 1052 1698 suppetebat
1097 1613 1414 1697 paulatim
1459 1612 1755 1678 adhibita
1793 1615 1910 1696 est,
1955 1613 2126 1677 unde
2164 1612 2386 1698 largus
2426 1613 2673 1678 fructus
2711 1614 2945 1679 redun-

336 1711 487 1776 dare
534 1709 766 1795 coepit.
856 1709 1131 1776 Interim
1177 1710 1465 1776 innotuit
1507 1711 1704 1775 tertia
1752 1710 2246 1796 quasilinguae
2288 1708 2570 1777 Graecae
2618 1712 2947 1795 memoria,

336 1830 480 1873 eam
527 1808 669 1873 dico
714 1830 908 1892 quam
947 1809 1179 1893 papyri
1215 1808 1531 1892 praebent
1574 1809 1768 1874 variis
1806 1808 1969 1873 locis
2008 1809 2148 1873 solo
2188 1811 2463 1892 ereptae.
2537 1808 2627 1874 Et
2663 1810 2945 1893 primum

335 1906 593 1991 quidem
630 1910 1007 1991 recuperata
1040 1910 1140 1971 est
1166 1906 1543 1991 philosophi
1572 1906 1907 1972 cuiusdam
1934 1905 2240 1990 Epicurei
2265 1905 2706 1990 bybliotheca.
2763 1905 2947 1996 Quicf

334 2004 486 2089 quid
532 2004 702 2068 inter
747 2005 993 2069 cineres
1040 2004 1172 2088 legi
1219 2006 1436 2089 potuit
1475 2004 1731 2088 magnis
1769 2009 2137 2087 temporum
2173 2002 2536 2069 intervallis
2575 2004 2946 2070 Academici

334 2100 754 2185 Neapolitani
800 2102 1047 2185 publici
1092 2102 1249 2166 iuris
1296 2101 1607 2167 fecerunt.
1680 2100 1924 2167 Verum
1972 2102 2169 2186 paulo
2216 2105 2368 2187 post
2416 2102 2545 2168 alio
2594 2103 2736 2168 loco
2777 2103 2943 2167 alius

334 2200 722 2283 scriptorum
770 2199 1025 2284 generis
1075 2200 1370 2284 exempla
1415 2201 1678 2265 inventa
1726 2204 1906 2281 sunt,
1960 2200 2336 2284 primusque
2384 2197 2616 2266 Schow
2664 2224 2720 2267 a.
2772 2201 2941 2267 1788

335 2297 415 2362 ad
453 2296 732 2362 edendas
771 2318 1053 2381 papyros
1082 2296 1519 2383 Aegyptiacas
1549 2297 1838 2364 accessit.
1887 2296 2097 2363 Aedes
2125 2296 2645 2363 Herculanenses
2683 2303 2942 2383 praeter

332 2394 480 2459 illas
528 2395 750 2479 copias
797 2395 889 2460 nil
935 2394 1216 2481 amplius
1262 2396 1434 2481 quod
1481 2396 1739 2481 quidem
1784 2399 2067 2462 aetatem
2104 2396 2259 2461 tulit
2296 2418 2588 2461 servasse
2626 2397 2944 2481 videntur,

333 2492 673 2578 Aegyptus
726 2515 880 2559 vero
946 2516 1075 2579 quo
1138 2496 1348 2580 magis
1406 2495 1743 2579 explorata
1798 2498 1900 2561 est
1966 2517 2041 2560 eo
2098 2494 2345 2559 maiora
2398 2494 2680 2560 reddidit
2733 2517 2941 2580 neque

333 2595 480 2657 acta
526 2591 735 2656 solum
781 2592 1039 2675 publica
1086 2593 1421 2676 privatave
1468 2598 1752 2677 reperta,
1813 2594 1925 2659 sed
1973 2593 2170 2658 etiam
2216 2593 2674 2659 historicorum
2731 2598 2943 2661 orato-

332 2713 475 2755 rum
521 2692 863 2773 poetarum
908 2689 1059 2755 libri
1106 2692 1382 2775 singulis
1432 2692 1590 2756 olim
1636 2692 1910 2758 mortuis
1954 2695 2029 2756 ut
2066 2691 2185 2756 fati
2224 2691 2492 2756 comites
2532 2691 2733 2755 additi
2770 2713 2941 2756 nunc

328 2788 498 2853 inter
541 2787 1050 2872 pretiosissimos
1095 2788 1650 2874 bybliothecarum
1699 2790 2089 2854 thensauros
2135 2789 2449 2854 feruntur.

509 2883 614 2950 Sic
663 2906 825 2970 quae
873 2888 1066 2950 antea
1112 2886 1281 2950 tanti
1327 2886 1501 2951 facta
1547 2891 1689 2952 erat
1731 2885 2237 2953 Herculanensis
2285 2877 2697 2972 bybliotheca
2743 2886 2940 2950 cessit

328 2982 594 3069 papyris
651 2982 1100 3068 Aegyptiacis,
1160 3005 1333 3048 nunc
1389 2984 1679 3050 omnium
1735 2984 2134 3068 exspectatio
2191 3005 2270 3048 ex
2315 2984 2678 3069 Anglorum
2734 2983 2937 3067 copiis

327 3081 591 3165 pendet,
654 3102 922 3165 quarum
980 3081 1214 3167 ingens
1278 3103 1430 3166 pars
1493 3082 1784 3147 nondum
1851 3085 2077 3167 aperta
2138 3082 2376 3146 nedum
2442 3081 2758 3146 exhausta
2822 3085 2936 3146 est.

330 3177 574 3243 Tamen
621 3180 938 3244 nonnulla
984 3201 1148 3264 quae
1197 3179 1275 3243 ad
1323 3202 1425 3244 res
1465 3180 1926 3265 grammaticas
1965 3182 2267 3263 spectant
2301 3181 2660 3252 tractaturo
2703 3179 2935 3263 papyri

326 3274 797 3360 Neapolitanae
846 3278 1129 3362 aptiores
1174 3276 1352 3343 visae
1398 3282 1566 3361 sunt,
1614 3279 1896 3362 primum
1943 3277 2113 3362 quod
2159 3276 2413 3342 librarii
2454 3276 2647 3341 huius
2686 3276 2937 3360 byblio-

327 3374 556 3440 thecae
601 3375 920 3440 immunes
970 3380 1124 3440 sunt
1177 3398 1215 3440 a
1251 3375 1472 3441 multis
1510 3376 1707 3459 vitiis,
1753 3398 1917 3462 quae
1955 3375 2323 3460 Aegyptios
2363 3374 2605 3439 scribas
2646 3373 2935 3439 omnium

326 3472 460 3536 fere
504 3475 872 3556 temporum
918 3472 1301 3556 infecerunt,
1343 3473 1571 3539 deinde
1619 3495 2013 3561 papyrorum
2051 3473 2629 3558 Neapolitanarum
2675 3472 2933 3536 infimus

326 3572 426 3634 est
472 3592 680 3635 annus
720 3568 994 3635 LXXIX
1030 3594 1093 3656 p.
1122 3568 1270 3637 Chr.
1299 3594 1378 3655 n.,
1423 3571 1518 3635 ita
1564 3575 1636 3635 ut
1684 3571 1999 3656 temporis
2048 3572 2328 3654 spatium
2379 3571 2460 3635 ab
2504 3569 2710 3635 altera
2745 3574 2933 3654 parte

324 3670 497 3732 certe
545 3668 879 3733 definitum
927 3669 1030 3752 sit,
1074 3669 1232 3747 licet
1280 3670 1525 3735 multae
1572 3670 1917 3754 praecipue
1955 3669 2221 3753 Epicuri
2258 3669 2492 3754 papyri
2530 3668 2743 3752 primo
2782 3669 2932 3733 ante

323 3762 472 3831 Chr.
517 3788 579 3830 n.
627 3767 877 3832 saeculo
926 3766 1058 3832 sint
1102 3766 1498 3832 tribuendae.

499 3861 724 3947 Neque
771 3864 849 3928 de
887 3864 1480 3930 Herculanensibus
1527 3886 1731 3950 neque
1779 3865 1858 3929 de
1906 3867 2133 3931 ceteris
2175 3865 2360 3931 libris
2399 3864 2784 3950 papyraceis
2824 3864 2930 3928 ad-

320 3960 449 4025 huc
493 3961 745 4024 exstitit
790 3961 1068 4045 diligens
1113 3984 1329 4027 rerum
1377 3961 1951 4048 grammaticarum
1998 3960 2456 4049 conspectus.1)
2550 3962 2637 4027 Et
2690 3963 2757 4026 in
2810 3963 2931 4028 hac

320 4078 390 4121 re
438 4056 625 4121 libris
663 4056 1118 4142 Neapolitanis
1163 4059 1228 4123 id
1276 4059 1556 4124 maxime
1604 4059 1837 4143 offecit,
1886 4060 2054 4144 quod
2103 4060 2361 4146 singula
2406 4060 2601 4125 nimis
2640 4060 2930 4145 dispersa

321 4158 509 4219 erant
555 4159 619 4219 et
666 4177 858 4240 saepe
906 4155 1179 4222 duorum
1225 4157 1490 4222 testium
1537 4156 1662 4221 fide
1720 4157 2190 4243 concinnanda,
2244 4157 2540 4242 quodque
2595 4159 2803 4223 multa
2857 4162 2931 4223 ut

498 4349 553 4418 1)
590 4348 673 4402 De
718 4347 1100 4404 voluminibus
1146 4347 1679 4419 Herculanensibus,
1737 4349 1784 4405 si
1831 4349 2146 4406 omittimus
2191 4351 2587 4407 adnotationes
2634 4351 2926 4405 Academi-

320 4434 511 4473 corum
567 4437 776 4489 magna
826 4437 892 4475 ex
948 4422 1109 4490 parte
1165 4419 1428 4489 nugales,
1484 4437 1628 4489 qnae
1675 4420 1815 4476 satis
1862 4438 2134 4491 superque
2181 4422 2445 4492 explosae
2493 4427 2645 4489 sunt,
2702 4420 2766 4474 hi
2812 4423 2928 4477 fere

319 4489 535 4558 aliquid
575 4491 908 4546 attulerunt:
947 4491 1391 4560 AvBamberg
1426 4491 1580 4546 ZfdG
1612 4496 1751 4547 18⁷4
1772 4508 1930 4548 13-16
1967 4494 2141 4548 ει--ῑ
2187 4510 2240 4549 10
2277 4496 2580 4549 κενότατον
2617 4508 2667 4547 21
2707 4494 2928 4561 ἑώρακα

320 4577 371 4615 26
409 4563 708 4627 εεεωμένοε
744 4562 933 4632 (falso)
979 4578 1031 4618 36
1069 4564 1442 4632 ἐμπιμπράναι
1488 4561 1773 4632 GMeyer
1820 4571 1878 4619 et
1914 4580 2008 4619 sae
2051 4565 2137 4618 ius
2177 4566 2422 4619 FBlass
2457 4563 2515 4618 in
2554 4564 2927 4632 grammatica

317 4630 547 4713 linguae
595 4632 841 4689 Graecae
889 4633 1199 4689 Sudhaus
1254 4633 1314 4688 in
1367 4634 1551 4689 indice
1599 4635 1969 4705 grammatico
2010 4583 2245 4692 {theton
2286 4635 2339 4689 II
2374 4649 2588 4690 avo—371
2646 4633 2922 4689 Schmid

318 4701 648 4758 Attic1smus
687 4704 816 4760 hinc
850 4705 998 4775 inde,
1035 4707 1100 4760 ut
1134 4704 1187 4759 II
1217 4721 1267 4762 ιτ
1293 4719 1346 4761 22
1374 4721 1427 4760 23
1455 4722 1506 4762 26
1533 4721 1586 4761 28
1613 4722 1665 4761 29
1693 4722 1744 4762 31
1773 4722 1841 4763 33.
