3525 5309
1148 1139 1493 1216 VITA
1549 1137 2255 1215 AVCTORIS.

579 1450 790 1517 Natus
849 1473 992 1515 sum
1049 1448 1406 1515 Guilelmus
1463 1446 1620 1514 Otto
1679 1448 1994 1515 Groenert
2048 1472 2105 1514 a.
2153 1449 2211 1516 d.
2255 1448 2353 1515 IV
2408 1446 2580 1514 Non.
2629 1450 2785 1532 Apr.
2841 1471 3013 1515 anno

399 1548 465 1612 h.
516 1570 564 1612 s.
621 1547 1103 1634 septuagesimo
1167 1550 1397 1633 quarto
1457 1547 1526 1610 in
1587 1547 1728 1612 vico
1785 1545 2044 1612 Traben
2104 1547 2184 1611 ad
2239 1545 2581 1611 Mosellam
2641 1547 2767 1612 sito
2827 1551 3013 1632 patre

402 1644 734 1712 Friderico
782 1645 1108 1711 Guilelmo
1166 1649 1375 1710 matre
1424 1643 1618 1710 Clara
1674 1666 1708 1708 e
1765 1647 1960 1728 gente
2006 1644 2233 1709 Bessel
2289 1643 2521 1728 quibus
2579 1643 2749 1729 quod
2806 1644 3015 1708 adhuc

399 1743 567 1810 vivis
613 1743 741 1808 frui
787 1744 943 1809 licet
986 1744 1406 1809 vehementer
1452 1742 1718 1829 gaudeo.
1812 1740 1991 1806 Fidei
2038 1741 2332 1807 addictus
2391 1764 2533 1806 sum
2589 1741 3014 1825 evangelicae.

399 1841 634 1908 Primis
681 1843 1045 1908 litterarum
1093 1843 1427 1907 elementis
1479 1842 1547 1906 in
1595 1842 1754 1906 urbe
1803 1839 2206 1926 Aquisgrani
2257 1841 2545 1906 imbutus
2601 1840 3018 1927 gymnasium

404 1939 532 2004 adii
552 1939 941 2006 Coloniense
970 1937 1864 2025 Friderico-Guilelmianum3
1893 1941 2102 2005 tribus
2132 1939 2318 2003 annis
2346 1940 2626 2022 peractis
2648 1939 3016 2024 Augustam

401 2036 813 2105 Trevirorum
876 2062 980 2106 me
1045 2040 1294 2106 contuli
1357 2041 1471 2104 ubi
1534 2039 1939 2104 maturitatis
2003 2038 2384 2104 testimonio
2447 2038 2804 2103 instructus
2872 2061 3015 2104 sum

401 2156 569 2202 anno
626 2138 689 2202 h.
730 2160 778 2203 s.
835 2139 1261 2224 nonagesimo
1311 2138 1532 2202 terti0.
1627 2135 1844 2220 Atque
1890 2136 2039 2200 inde
2087 2158 2233 2200 vere
2281 2135 2566 2201 eiusdem
2616 2136 2767 2200 anni
2813 2136 3017 2202 Halas

401 2230 725 2300 Saxonum
772 2258 902 2301 una
949 2257 1093 2300 cum
1141 2235 1522 2318 parentibus
1567 2232 1932 2317 profectum
1986 2234 2055 2297 in
2104 2233 2477 2298 auditorum
2522 2255 2861 2299 numerum
2910 2235 3012 2299 ad-

400 2331 719 2397 miserunt
764 2333 886 2398 viri
932 2331 1364 2398 illustrissimi
1411 2332 1600 2396 Blass
1647 2330 2114 2416 Dittenberger
2158 2329 2460 2415 Droysen
2503 2330 3017 2417 Heuckenkamp

401 2427 664 2495 Robert.
755 2429 1008 2496 Deinde
1076 2434 1426 2496 auctumno
1487 2430 1887 2515 insequentis
1950 2430 2104 2493 anni
2168 2429 2397 2493 relicta
2459 2434 2804 2513 parentum
2860 2430 3016 2494 urbe

399 2549 515 2610 per
560 2528 720 2593 duos
770 2551 973 2594 annos
1023 2533 1089 2594 et
1135 2528 1470 2593 dimidium
1519 2528 1776 2593 scholas
1825 2526 2231 2611 frequentavi
2278 2528 2564 2592 virorum
2617 2527 3017 2593 doctissimo-

399 2646 543 2688 rum
572 2624 857 2708 Bechtel,
897 2626 1183 2710 Dilthey‚
1221 2625 1554 2710 Dziatzk0,
1591 2624 1836 2708 Heyne,
1873 2623 2188 2704 Krauske,
2219 2622 2371 2707 Leo,
2403 2624 2692 2709 Mueller,
2728 2624 3016 2690 Pietsch-

399 2745 623 2805 mann,
677 2724 961 2809 Boetho,
1016 2722 1310 2802 Schulze‚
1351 2721 1643 2807 Vischer,
1687 2722 2165 2807 Volquardsen,
2215 2722 2531 2802 Wentzel,
2578 2722 2656 2786 de
2705 2721 3017 2789 Wilamo-

397 2821 1049 2906 witz-Moellendorff,
1094 2822 1366 2906 denique
1411 2819 1618 2885 Halas
1664 2842 1960 2885 reversus
2006 2820 2223 2885 audivi
2268 2842 2385 2904 per
2431 2820 2623 2886 unius
2672 2821 2825 2885 anni
2873 2843 3015 2906 spa-

398 2918 564 2982 tium
611 2921 783 2985 viros
830 2919 1273 2985 nobilissimos
1318 2917 1538 3001 Blass,
1584 2917 1912 2996 Burdach,
1959 2916 2442 3003 Dittenberger,
2488 2917 2806 3003 Droysen,
2853 2918 3013 2982 Erd-

400 3038 615 3100 mann‚
653 3017 886 3102 Haym,
923 3016 1284 3100 Kirchhoff,
1320 3014 1622 3100 Lindner,
1658 3015 1962 3100 EMeyer,
1997 3015 2266 3099 Robert,
2305 3014 2602 3080 Strauch.
2672 3014 2771 3081 Ne
2811 3017 3015 3081 multa

400 3114 476 3178 de
544 3113 1119 3180 exercitationibus
1185 3113 1423 3196 dicam,
1498 3114 1731 3197 quibus
1808 3117 1882 3178 ut
1944 3114 2329 3179 interessem
2394 3114 2657 3178 illorum
2721 3113 3012 3178 virorum

342 3211 363 3226 ‘⁹
398 3210 805 3277 humanitate
853 3212 1151 3276 effectum
1198 3213 1319 3295 est,
1363 3210 1602 3275 sodalis
1649 3211 1746 3275 fui
1794 3209 2123 3276 seminarii
2167 3212 2335 3297 regii
2371 3211 2860 3299 philologorum
2897 3235 3015 3297 per

400 3309 561 3374 duos
609 3330 814 3374 annos
863 3308 1244 3392 Gottingae,
1291 3307 1479 3373 Halis
1525 3330 1642 3393 per
1688 3331 1800 3374 sex
1847 3330 2120 3382 menses,

578 3406 893 3471 Omnibus
938 3406 1465 3489 praeceptoribus
1511 3430 1629 3492 pro
1678 3407 1930 3472 meritis
1978 3408 2223 3490 gratias
2273 3429 2398 3492 ago
2447 3430 2640 3492 quam
2693 3410 3010 3475 maximas

399 3526 776 3587 semperque
824 3526 926 3568 me
973 3502 1347 3569 habiturum
1394 3504 1707 3588 spondeo,
1762 3505 1842 3569 iis
1890 3507 2318 3571 cummaxime
2366 3506 2476 3591 qui
2534 3507 2750 3572 studia
2796 3509 3013 3594 singu-

401 3602 523 3665 lari
571 3620 727 3685 erga
772 3623 875 3665 me
921 3602 1377 3667 benevolentia
1422 3605 1489 3667 et
1535 3602 1856 3667 moderati
1894 3607 2044 3668 sunt
2081 3608 2146 3668 et
2181 3608 2646 3688 promoverunt
2679 3603 3009 3670 Friderico

399 3696 616 3781 Blass,
690 3696 1012 3764 Friderico
1078 3698 1208 3765 Leo
1218 3751 1237 3785 ,
1307 3699 1539 3767 Carolo
1604 3700 1883 3812 Robert,
1954 3699 2277 3767 Guilelmo
2344 3700 2641 3786 Schulze,
2707 3700 3012 3769 Udalrico

399 3794 476 3859 de
523 3794 994 3862 Wilamowitz-
1004 3796 1470 3864 Moellendorff.
