3525 5309
1689 281 2164 383 -6-..’

578 496 758 562 rudis
797 496 1001 562 moles
1032 497 1334 582 impolita
1362 498 1676 582 latebant,
1717 519 1882 582 quae
1910 500 2131 560 tamen
2159 494 2574 560 difficultates
2604 517 2776 561 nunc
2807 498 3194 583 plerumque

585 594 878 660 sublatae
927 597 1079 659 sunt
1123 594 1467 661 indefessis
1514 595 1861 680 Gomperzi
1908 592 2233 660 Sudhausi
2277 589 2490 660 Scotti
2548 594 2948 681 aliorumque
3006 597 3195 661 curis.

580 691 810 777 Itaque
860 713 1122 776 operam
1171 692 1317 757 dedi
1364 697 1437 757 ut
1482 694 1701 758 omnia
1748 715 1913 778 quae
1961 692 2170 758 adhuc
2215 692 2288 756 in
2333 692 2542 757 lucem
2599 692 2837 758 emissa
2893 701 3045 758 sunt
3097 695 3195 758 in-

584 790 888 875 dagarem
937 794 1002 856 et
1046 793 1441 873 excuterem,
1489 813 1617 876 qua
1662 792 1732 856 in
1778 813 1847 855 re
1892 789 2334 855 universitatis
2371 788 2736 856 Bonnensis
2778 791 3195 876 bybliotheca

579 888 1033 953 liberalissime
1080 910 1154 953 eo
1204 911 1306 952 me
1353 889 1630 973 adiuvit,
1692 889 1863 974 quod
1911 890 2227 974 imagines
2276 888 2730 972 phototypicas
2787 892 3196 975 apographo-

582 1009 729 1052 rum
775 985 1238 1052 Oxoniensium
1288 986 1463 1052 domi
1511 986 1972 1051 examinandas
2020 986 2183 1051 mihi
2228 985 2513 1050 tradidit.
2606 983 2731 1050 Sed
2783 986 2914 1051 iam
2961 988 3197 1072 quibus

582 1083 982 1170 compendiis
1028 1084 1096 1149 in
1145 1083 1484 1150 afferendis
1530 1084 1717 1150 libris
1765 1107 1917 1150 usus
1966 1085 2090 1149 sim
2139 1083 2585 1169 exponendum
2632 1088 2761 1149 est:

584 1262 714 1328 VH
758 1262 1114 1329 Volumina
1150 1259 1688 1347 Herculanensia3
1735 1263 1917 1347 prior
1962 1268 2029 1329 et
2075 1263 2282 1327 altera
2329 1262 2627 1327 collectio
2673 1264 2956 1328 numeris
2996 1264 3202 1329 mino-

760 1362 941 1426 ribus
988 1360 1330 1444 indicatur,
1377 1361 1559 1426 velut
1606 1359 1733 1427 VH
1778 1359 1857 1446 Il,
1901 1357 1989 1425 X2
2046 1364 2163 1425 etc.
2255 1358 2334 1426 In
2379 1359 2720 1425 afferendis
2766 1361 2927 1426 locis
2974 1365 3041 1426 et
3082 1384 3199 1426 nu-

763 1481 1013 1525 merum
1056 1457 1411 1544 fragmenti
1450 1460 1869 1524 columnaeve
1908 1481 2036 1523 una
2075 1480 2219 1523 cum
2257 1479 2450 1522 versu
2486 1462 2552 1522 et
2588 1457 2817 1523 folium
2854 1459 3201 1523 voluminis

1975 1557 2106 1622 716

763 1611 1079 1677 exhibebo
1130 1610 1303 1676 hunc
1355 1611 1421 1675 in
1482 1611 1774 1677 modum:
1839 1608 1929 1676 X2
1973 1648 2125 1729 fig.
2216 1609 2390 1675 Raro
2440 1609 2672 1675 accidit
2720 1614 2792 1675 ut
2838 1611 3050 1675 media
3101 1633 3202 1677 co-

760 1764 985 1829 lumna
1039 1766 1407 1848 temporum
1462 1762 1700 1828 iniuria
1754 1764 2119 1847 intercepta
2179 1762 2506 1828 inferioris
2572 1764 2779 1847 partis
2834 1783 3056 1827 versus
3119 1764 3200 1828 ab

638 1861 702 1926 ai
760 1861 892 1927 imo
939 1861 1159 1945 potius
1205 1861 1587 1926 numerandi
1636 1863 1879 1945 essent,
1941 1882 2068 1945 qua
2123 1861 2190 1925 in
2247 1882 2317 1924 re
2363 1859 2502 1942 ‚,ai“
2549 1860 2761 1924 addidi
2807 1859 3202 1925 Buechelero

763 1959 941 2024 duce.
1030 1956 1212 2022 Haec
1258 1979 1404 2022 cum
1452 1979 1569 2041 per
1616 1980 1685 2023 se
1732 1957 2008 2022 dilucida
2065 1957 2223 2042 sint,
2278 1956 2407 2022 VH
2462 1957 2841 2041 plerumque
2900 1958 3204 2023 omitten-

653 2078 701 2120 n
772 2056 924 2122 dum
972 2060 1088 2121 est.
1178 2054 1259 2119 In
1321 2054 1662 2120 afferendis
1726 2055 2252 2141 apographorum
2317 2056 2709 2121 lectionibus
2773 2078 2815 2120 n
2881 2055 3207 2141 significat

660 2177 699 2219 o
763 2152 1293 2239 Neapolitanum,
1336 2175 1374 2218 o
1421 2151 1792 2218 Oxoniense
1840 2155 2183 2239 exemplar.

647 2252 701 2317 O
768 2250 1083 2317 Collectio
1142 2250 1500 2336 imaginum
1564 2250 2173 2336 phototypicarum,
2239 2274 2404 2337 quae
2466 2252 2729 2318 exhibet
2787 2255 3047 2337 praeter
3110 2275 3206 2338 ea,

767 2371 930 2435 quae
994 2350 1126 2414 iam
1187 2352 1337 2414 ante
1399 2349 1573 2414 edita
1633 2352 1844 2432 erant,
1907 2353 2084 2414 totas
2155 2352 2680 2435 apographorum
2740 2349 3204 2416 Oxoniensium

766 2446 988 2532 copias
1035 2447 1105 2512 in
1150 2447 1778 2533 septem‘volumina
1833 2447 2092 2512 divisas.
2186 2447 2494 2533 Singulae
2549 2448 2827 2533 paginae
2884 2449 3037 2534 quia
3093 2448 3206 2513 du-

766 2546 999 2632 plicem
1040 2545 1330 2612 ordinem
1366 2567 1525 2629 prae
1565 2566 1633 2609 se
1670 2545 1908 2631 ferunt,
1949 2544 2229 2610 alterum
2267 2547 2636 2630 voluminis,
2683 2547 2958 2611 alterum
3002 2546 3205 2612 totius

768 2696 1200 2777 collectionis,
1245 2697 1431 2761 illam
1479 2718 1675 2780 supra
1720 2695 1891 2760 hanc
1938 2695 2109 2760 infra
2154 2696 2419 2781 notab0,
2465 2697 2642 2762 velut
2688 2695 2741 2762 Ο
2789 2695 2879 2762 IV
2902 2643 3051 2741 Q

2915 2744 3081 2814 850·

651 2866 693 2928 Ρ
767 2863 1076 2953 papyrus:

610 2964 701 3025 ap
769 2961 1080 3024 anonymi
1126 2960 1429 3024 papyrus.

608 3043 704 3105 Ακ
767 3037 1305 3104 Academicorum
1362 3035 1578 3120 index,
1640 3036 1845 3101 edidit
1908 3058 1987 3101 ex
2043 3059 2081 3100 a
2145 3060 2205 3121 p.
2247 3037 2415 3102 1021
2466 3033 2527 3099 12
2576 3034 2925 3100 162—197
2988 3033 3209 3098 FBue-

769 3136 984 3202 cheler
1029 3135 1160 3203 ind.
1204 3136 1352 3201 lect.
1394 3134 1637 3221 Gryph.
1689 3135 1878 3201 1869.
1954 3132 2305 3199 Columnas
2345 3133 2694 3198 secundum
2733 3131 3208 3217 Neapolitanos

767 3234 1143 3300 numerabo.
1207 3230 1411 3319 Saepe
1449 3233 1901 3318 apographum
1940 3231 2331 3317 Oxoniense,
2369 3231 2541 3316 quod
2579 3229 2983 3314 praestantia
3018 3228 3207 3293 facile

2468 3379 2871 3502 718—761)'
2951 3503 2960 3510 ‚

650 3540 714 3603 Δ
777 3536 1168 3602 Demetrius.
1256 3534 1335 3600 In
1378 3559 1440 3619 p.
1482 3535 1656 3601 1014
1702 3532 1856 3622 (Δπ
1886 3566 1969 3589 =
2001 3536 2371 3616 Δημητρίου
2419 3536 2564 3614 περὶ
2610 3530 3012 3619 ποιημάτων)
3062 3553 3207 3596 cum

775 3635 1009 3719 duplex
1056 3633 1441 3719 paginarum
1489 3633 1646 3698 ordo
1695 3634 1802 3720 sit,
1845 3634 2358 3718 Neapolitanum
2408 3655 2657 3717 sequar.

671 3735 714 3798 Ε
777 3731 1124 3818 Epicurus3
1191 3731 1432 3817 singuli
1493 3732 1706 3815 operis
1768 3732 1846 3796 de
1900 3736 2135 3798 natura
2186 3729 2341 3796 libri
2395 3728 2631 3795 litteris
2692 3728 2943 3814 graecis
3005 3726 3210 3809 expri-

776 3834 1068 3895 muntur:
1126 3830 1249 3894 Εῖᾱ
1294 3831 1423 3906 effi
1475 3829 1615 3893 sim.
1706 3827 1838 3893 Ubi
1885 3828 2010 3895 duo
2058 3830 2294 3894 adsunt
2340 3826 2746 3913 apographa,
2802 3829 2868 3890 et
2922 3835 3209 3911 papyrus

771 3385 1122 3470 antecellit,
1168 3386 1378 3450 solum
1425 3384 1809 3448 memoriam
1857 3384 2142 3450 servavit
2192 3381 2274 3469 (Ο
2322 3382 2419 3449 IV

780 3932 845 3993 et
902 3928 1058 3994 ordo
1116 3926 1587 4012 Neapolitanus
1644 3927 1918 3992 additur.
2008 3927 2085 3992 In
2138 3927 2268 4008 Εῆἦ
2316 3923 2517 4013 (edito
2566 3924 2786 3989 Herm.
2831 3923 2956 3988 vol.
2994 3920 3211 3986 XXIX

777 4023 1027 4112 5—14)
1074 4024 1356 4090 Hermae
1401 4025 1660 4109 paginis
1707 4028 1875 4105 utor,
1933 4025 2234 4090 similiter
2280 4025 2348 4089 in
2396 4025 2439 4088 Ε
2483 4046 2546 4107 p.
2587 4022 2777 4106 1619,
2833 4043 3026 4106 quam
3083 4042 3210 4084 una

778 4146 919 4190 cum
969 4146 1032 4207 p.
1070 4120 1244 4188 1056
1293 4128 1359 4188 et
1403 4145 1462 4206 p.
1501 4123 1629 4188 697
1679 4121 1881 4188 edidit
1919 4121 2237 4206 Gomperz
2265 4122 2532 4186 Wiener
2568 4118 2840 4185 Studien
2874 4117 2908 4182 Ι
2945 4116 3204 4182 27—31

780 4218 854 4309 (Ε
900 4244 961 4306 p.
1002 4220 1173 4285 1619
1222 4218 1358 4285 WS
1405 4219 1440 4284 Ι
1485 4220 1696 4287 31100
1745 4216 1935 4305 sim.).

632 4324 731 4387 Κα
783 4315 1167 4384 Oarneiscus
1214 4315 1302 4404 (p.
1345 4317 1514 4383 1027
1567 4315 1653 4382 V²
1701 4317 2099 4405 182—195).

628 4421 736 4484 Κω
785 4415 1062 4483 Colotes.
1156 4418 1257 4481 Κω
1306 4437 1377 4481 ευ
1420 4446 1501 4468 ===
1544 4439 1605 4501 p.
1646 4416 1820 4483 1332
1867 4414 1986 4481 V12
2042 4417 2378 4498 96—104,
2448 4418 2548 4481 Κω
2597 4418 2634 4478 λ
2676 4443 2759 4466 ==
2808 4436 2871 4498 p.
2910 4413 3039 4479 208
3088 4410 3212 4478 V12

651 4616 715 4679 Μ
781 4610 1191 4676 Metrodorus
1256 4607 1327 4698 (a
1381 4634 1442 4696 p.
1491 4611 1616 4676 831
1676 4608 1763 4675 X²
1824 4613 2111 4697 71—80,
2176 4632 2373 4697 quam
2428 4608 2803 4674 Metrodoro
2870 4607 3215 4692 adscripsit

785 4708 1104 4795 simulque
1152 4709 1352 4774 edidit
1400 4708 1700 4775 AKoerte
1746 4707 2096 4776 Metrodori
2141 4709 2508 4794 fragmenta
2554 4701 2958 4792 571—591).
